<?xml version="1.0" encoding="UTF-8"?>
  <record xmlns="http://www.loc.gov/MARC21/slim" type="Authority">
    <leader>00000nz  a2200000oc 4500</leader>
    <controlfield tag="001">1019754427</controlfield>
    <controlfield tag="003">DE-101</controlfield>
    <controlfield tag="005">20201014171334.0</controlfield>
    <controlfield tag="008">120214n||aznnnaabn           | aaa    |c</controlfield>
    <datafield tag="024" ind1="7" ind2=" ">
      <subfield code="a">1019754427</subfield>
      <subfield code="0">http://d-nb.info/gnd/1019754427</subfield>
      <subfield code="2">gnd</subfield>
    </datafield>
    <datafield tag="035" ind1=" " ind2=" ">
      <subfield code="a">(DE-101)1019754427</subfield>
    </datafield>
    <datafield tag="035" ind1=" " ind2=" ">
      <subfield code="a">(DE-588)1019754427</subfield>
    </datafield>
    <datafield tag="035" ind1=" " ind2=" ">
      <subfield code="z">(DE-588a)1019754427</subfield>
      <subfield code="9">v:zg</subfield>
    </datafield>
    <datafield tag="040" ind1=" " ind2=" ">
      <subfield code="a">DE-23</subfield>
      <subfield code="c">DE-23</subfield>
      <subfield code="9">r:DE-12</subfield>
      <subfield code="b">ger</subfield>
      <subfield code="d">0017</subfield>
    </datafield>
    <datafield tag="042" ind1=" " ind2=" ">
      <subfield code="a">gnd3</subfield>
    </datafield>
    <datafield tag="043" ind1=" " ind2=" ">
      <subfield code="c">XA-DE</subfield>
    </datafield>
    <datafield tag="075" ind1=" " ind2=" ">
      <subfield code="b">p</subfield>
      <subfield code="2">gndgen</subfield>
    </datafield>
    <datafield tag="075" ind1=" " ind2=" ">
      <subfield code="b">piz</subfield>
      <subfield code="2">gndspec</subfield>
    </datafield>
    <datafield tag="079" ind1=" " ind2=" ">
      <subfield code="a">g</subfield>
      <subfield code="q">a</subfield>
      <subfield code="q">f</subfield>
    </datafield>
    <datafield tag="100" ind1="1" ind2=" ">
      <subfield code="a">Weitolshausen-Schrautenbach, Balthasar &#152;von&#156;</subfield>
      <subfield code="d">1547-1613</subfield>
    </datafield>
    <datafield tag="375" ind1=" " ind2=" ">
      <subfield code="a">1</subfield>
      <subfield code="2">iso5218</subfield>
    </datafield>
    <datafield tag="400" ind1="1" ind2=" ">
      <subfield code="a">Weitolshausen Schrautenbach, Balthasar &#152;von&#156;</subfield>
      <subfield code="d">1547-1613</subfield>
    </datafield>
    <datafield tag="400" ind1="1" ind2=" ">
      <subfield code="a">Schrautenbach, Balthasar &#152;von&#156;</subfield>
      <subfield code="d">1547-1613</subfield>
    </datafield>
    <datafield tag="400" ind1="1" ind2=" ">
      <subfield code="a">Weitolshausen, Balthasar &#152;von&#156;</subfield>
      <subfield code="d">1547-1613</subfield>
    </datafield>
    <datafield tag="500" ind1="1" ind2=" ">
      <subfield code="0">(DE-101)1219606774</subfield>
      <subfield code="0">(DE-588)1219606774</subfield>
      <subfield code="0">https://d-nb.info/gnd/1219606774</subfield>
      <subfield code="a">Weitolshausen-Schrautenbach, Dorothea &#152;von&#156;</subfield>
      <subfield code="d">1545-1618</subfield>
      <subfield code="4">bezf</subfield>
      <subfield code="4">https://d-nb.info/standards/elementset/gnd#familialRelationship</subfield>
      <subfield code="w">r</subfield>
      <subfield code="i">Beziehung familiaer</subfield>
      <subfield code="e">Beziehung familiaer</subfield>
      <subfield code="9">v:Ehefrau</subfield>
    </datafield>
    <datafield tag="500" ind1="1" ind2=" ">
      <subfield code="0">(DE-101)1067476695</subfield>
      <subfield code="0">(DE-588)1067476695</subfield>
      <subfield code="0">https://d-nb.info/gnd/1067476695</subfield>
      <subfield code="a">Weitolshausen genannt Schrautenbach, Wolf Johann &#152;von&#156;</subfield>
      <subfield code="d">1588-1635</subfield>
      <subfield code="4">bezf</subfield>
      <subfield code="4">https://d-nb.info/standards/elementset/gnd#familialRelationship</subfield>
      <subfield code="w">r</subfield>
      <subfield code="i">Beziehung familiaer</subfield>
      <subfield code="e">Beziehung familiaer</subfield>
      <subfield code="9">v:Sohn</subfield>
    </datafield>
    <datafield tag="500" ind1="1" ind2=" ">
      <subfield code="0">(DE-101)1219608351</subfield>
      <subfield code="0">(DE-588)1219608351</subfield>
      <subfield code="0">https://d-nb.info/gnd/1219608351</subfield>
      <subfield code="a">Weitolshausen genannt Schrautenbach, Johann Balthasar &#152;von&#156;</subfield>
      <subfield code="d">-1635</subfield>
      <subfield code="4">bezf</subfield>
      <subfield code="4">https://d-nb.info/standards/elementset/gnd#familialRelationship</subfield>
      <subfield code="w">r</subfield>
      <subfield code="i">Beziehung familiaer</subfield>
      <subfield code="e">Beziehung familiaer</subfield>
      <subfield code="9">v:Sohn</subfield>
    </datafield>
    <datafield tag="500" ind1="1" ind2=" ">
      <subfield code="0">(DE-101)1219614130</subfield>
      <subfield code="0">(DE-588)1219614130</subfield>
      <subfield code="0">https://d-nb.info/gnd/1219614130</subfield>
      <subfield code="a">Loener von Laurenburg, Anna Maria</subfield>
      <subfield code="4">bezf</subfield>
      <subfield code="4">https://d-nb.info/standards/elementset/gnd#familialRelationship</subfield>
      <subfield code="w">r</subfield>
      <subfield code="i">Beziehung familiaer</subfield>
      <subfield code="e">Beziehung familiaer</subfield>
      <subfield code="9">v:Tochter</subfield>
    </datafield>
    <datafield tag="500" ind1="1" ind2=" ">
      <subfield code="0">(DE-101)121961131X</subfield>
      <subfield code="0">(DE-588)121961131X</subfield>
      <subfield code="0">https://d-nb.info/gnd/121961131X</subfield>
      <subfield code="a">Nordeck zur Rabenau, Catharina &#152;von&#156;</subfield>
      <subfield code="d">1582-1642</subfield>
      <subfield code="4">bezf</subfield>
      <subfield code="4">https://d-nb.info/standards/elementset/gnd#familialRelationship</subfield>
      <subfield code="w">r</subfield>
      <subfield code="i">Beziehung familiaer</subfield>
      <subfield code="e">Beziehung familiaer</subfield>
      <subfield code="9">v:Tochter</subfield>
    </datafield>
    <datafield tag="500" ind1="1" ind2=" ">
      <subfield code="0">(DE-101)1219614491</subfield>
      <subfield code="0">(DE-588)1219614491</subfield>
      <subfield code="0">https://d-nb.info/gnd/1219614491</subfield>
      <subfield code="a">Roltzhausen, Elisabeth &#152;von&#156;</subfield>
      <subfield code="4">bezf</subfield>
      <subfield code="4">https://d-nb.info/standards/elementset/gnd#familialRelationship</subfield>
      <subfield code="w">r</subfield>
      <subfield code="i">Beziehung familiaer</subfield>
      <subfield code="e">Beziehung familiaer</subfield>
      <subfield code="9">v:Tochter</subfield>
    </datafield>
    <datafield tag="548" ind1=" " ind2=" ">
      <subfield code="a">1547-1613</subfield>
      <subfield code="4">datl</subfield>
      <subfield code="4">https://d-nb.info/standards/elementset/gnd#dateOfBirthAndDeath</subfield>
      <subfield code="w">r</subfield>
      <subfield code="i">Lebensdaten</subfield>
    </datafield>
    <datafield tag="548" ind1=" " ind2=" ">
      <subfield code="a">-31.03.1613</subfield>
      <subfield code="4">datx</subfield>
      <subfield code="4">https://d-nb.info/standards/elementset/gnd#dateOfDeath</subfield>
      <subfield code="w">r</subfield>
      <subfield code="i">Exakte Lebensdaten</subfield>
    </datafield>
    <datafield tag="551" ind1=" " ind2=" ">
      <subfield code="0">(DE-101)945388764</subfield>
      <subfield code="0">(DE-588)4384875-8</subfield>
      <subfield code="0">https://d-nb.info/gnd/4384875-8</subfield>
      <subfield code="a">Groß-Bieberau</subfield>
      <subfield code="4">orts</subfield>
      <subfield code="4">https://d-nb.info/standards/elementset/gnd#placeOfDeath</subfield>
      <subfield code="w">r</subfield>
      <subfield code="i">Sterbeort</subfield>
    </datafield>
    <datafield tag="667" ind1=" " ind2=" ">
      <subfield code="a">VD-17</subfield>
    </datafield>
    <datafield tag="670" ind1=" " ind2=" ">
      <subfield code="a">Arcinsys</subfield>
    </datafield>
    <datafield tag="672" ind1=" " ind2="0">
      <subfield code="a">Keipf, Theodor:  Eine Christliche Predigt Bey Adelicher Leichbestattung/ Weiland deß ... Balthasars von Weitolshausen. - 1613</subfield>
    </datafield>
    <datafield tag="678" ind1=" " ind2=" ">
      <subfield code="b">Kammerjunge am Isenburg. Hof, im Kriegsdienst tätig, Januar 1584 Hofmeister des Landgrafen Georg I. in Darmstadt, dann um 1595 fürstl. hess. Amtmann auf Lichtenberg.</subfield>
    </datafield>
    <datafield tag="913" ind1=" " ind2=" ">
      <subfield code="S">pnd</subfield>
      <subfield code="i">a</subfield>
      <subfield code="a">Weitolshausen-Schrautenbach, Balthasar /von</subfield>
      <subfield code="0">(DE-588a)1019754427</subfield>
    </datafield>
  </record>
